<collection xmlns="http://www.loc.gov/MARC21/slim">
<record>
  <leader>01446nam0a2200289 i 450 </leader>
  <controlfield tag="001">IT\ICCU\CNCE\010772</controlfield>
  <controlfield tag="005">20150617000000.0</controlfield>
  <datafield tag="012" ind1=" " ind2=" ">
    <subfield code="a">o-s, umur a.r. PaPa (3) 1572 (A)</subfield>
    <subfield code="2">fei</subfield>
  </datafield>
  <datafield tag="100" ind1=" " ind2=" ">
    <subfield code="a">19970101d1572        0itac0103    ba</subfield>
  </datafield>
  <datafield tag="101" ind1=" " ind2=" ">
    <subfield code="a">LAT</subfield>
  </datafield>
  <datafield tag="102" ind1=" " ind2=" ">
    <subfield code="a">IT</subfield>
  </datafield>
  <datafield tag="200" ind1="1" ind2=" ">
    <subfield code="a">Censura in glossas et additiones iuris canonici, omnibus exemplaribus hactenus excussis respondens</subfield>
  </datafield>
  <datafield tag="210" ind1=" " ind2=" ">
    <subfield code="a">Romae apud haeredes Iulij Accolti</subfield>
    <subfield code="d">ristampata in Milano</subfield>
    <subfield code="c">per Pacifico Pontio</subfield>
    <subfield code="d">impressore archiepiscopale</subfield>
    <subfield code="d">1572</subfield>
    <subfield code="e">Mediolani</subfield>
    <subfield code="g">apud Pacificum Pontium</subfield>
    <subfield code="h">impressorem Curiae archiepiscopalis</subfield>
    <subfield code="h">1572</subfield>
  </datafield>
  <datafield tag="215" ind1=" " ind2=" ">
    <subfield code="a">28 c.</subfield>
    <subfield code="d">4ʻ</subfield>
  </datafield>
  <datafield tag="620" ind1=" " ind2=" ">
    <subfield code="a">IT</subfield>
    <subfield code="d">Milano</subfield>
  </datafield>
  <datafield tag="712" ind1="0" ind2="0">
    <subfield code="a">Da_Ponte, Pacifico</subfield>
    <subfield code="3">IT\ICCU\CNCT\000162</subfield>
    <subfield code="4">650</subfield>
  </datafield>
  <datafield tag="791" ind1="0" ind2="0">
    <subfield code="a">Pontius, Pacificus</subfield>
    <subfield code="3">IT\ICCU\CNCT\003713</subfield>
    <subfield code="z">Da_Ponte, Pacifico</subfield>
  </datafield>
  <datafield tag="791" ind1="0" ind2="0">
    <subfield code="a">Ponte, Pacifico da</subfield>
    <subfield code="3">IT\ICCU\CNCT\003714</subfield>
    <subfield code="z">Da_Ponte, Pacifico</subfield>
  </datafield>
  <datafield tag="791" ind1="0" ind2="0">
    <subfield code="a">Pontio, Pacifico</subfield>
    <subfield code="3">IT\ICCU\CNCT\004493</subfield>
    <subfield code="z">Da_Ponte, Pacifico</subfield>
  </datafield>
  <datafield tag="791" ind1="0" ind2="0">
    <subfield code="a">Ponticus, Pacificus</subfield>
    <subfield code="3">IT\ICCU\CNCT\004494</subfield>
    <subfield code="z">Da_Ponte, Pacifico</subfield>
  </datafield>
  <datafield tag="791" ind1="0" ind2="0">
    <subfield code="a">Ponzio, Pacifico</subfield>
    <subfield code="3">IT\ICCU\CNCT\004496</subfield>
    <subfield code="z">Da_Ponte, Pacifico</subfield>
  </datafield>
  <datafield tag="801" ind1=" " ind2="3">
    <subfield code="a">IT</subfield>
    <subfield code="b">ICCU</subfield>
    <subfield code="c">20201113</subfield>
  </datafield>
  <datafield tag="899" ind1=" " ind2=" ">
    <subfield code="a">Biblioteca nazionale Braidense. Milano</subfield>
    <subfield code="1">MI0185</subfield>
    <subfield code="2">MIL NB</subfield>
  </datafield>
  <datafield tag="899" ind1=" " ind2=" ">
    <subfield code="a">Biblioteca dell&apos;Archivio storico diocesano di Milano. Milano</subfield>
    <subfield code="1">MI0524</subfield>
    <subfield code="2">ZMI 46</subfield>
  </datafield>
  <datafield tag="899" ind1=" " ind2=" ">
    <subfield code="a">Biblioteca comunale Teresiana. Mantova</subfield>
    <subfield code="1">MN0035</subfield>
    <subfield code="2">LO1 12</subfield>
  </datafield>
  <datafield tag="899" ind1=" " ind2=" ">
    <subfield code="a">Biblioteca universitaria. Pavia</subfield>
    <subfield code="1">PV0291</subfield>
    <subfield code="2">MIL UP</subfield>
  </datafield>
  <datafield tag="899" ind1=" " ind2=" ">
    <subfield code="a">Biblioteca nazionale centrale. Roma</subfield>
    <subfield code="1">RM0267</subfield>
    <subfield code="2">BVE CR</subfield>
  </datafield>
</record>
</collection>
